@online{TypeScript,
  title = {TypeScript},
  url = {https://www.typescriptlang.org/docs/},
  note = "[Accesată la 12-05-2017]"
}

@online{Angular,
  title = {Angular Get Started},
  url = {https://angular.io/},
  note = "[Accesată la 12-05-2017]"
}

@online{Material.IO,
  title = {Material IO Get Started},
  url = {https://material.angular.io/},
  note = "[Accesată la 12-05-2017]"
}

@online{Java,
  title = {Java SE Documentation},
  url = {http://www.oracle.com/technetwork/java/javase/documentation/} 
  ,
  note = "[Accesată la 12-05-2017]"
}

@online{Spring,
  title = {Learn Spring},
  url = {https://spring.io/docs}
  ,
  note = "[Accesată la 12-05-2017]"
}

@online{postgresql,
  title = {PostgresSQL Documentation},
  url = {https://www.postgresql.org/docs/}
  ,
  note = "[Accesată la 12-05-2017]"
}

@article{SocialNetworks,
    author  = "Obar, Jonathan A.; Wildman, Steve",
    title   = "Social media definition and the governance challenge: An introduction to the special issue",
    year    = "2015",
    journal = "Telecommunications policy.",
    volume  = "39",
    number  = "9",
    pages   = " 745–750"
}
@online{MapStruct,
  title= {MapStruct Documentation},
  url = {http://mapstruct.org/documentation/}
,
  note = "[Accesată la 12-05-2017]"
}

@online{Maven,
  title = {What is Maven?},
  url = {https://maven.apache.org/what-is-maven.html}
  ,
  note = "[Accesată la 12-05-2017]"
}

@online{SpringBoot,
  title = {Spring Boot - Quick Start},
  url = {https://projects.spring.io/spring-boot/}
  ,
  note = "[Accesată la 12-05-2017]"
}

@online{OAuth2,
  title = {OAuth Articles},
  url = {https://oauth.net/articles/}
  ,
  note = "[Accesată la 12-05-2017]"
}

@online{SPA,
  title = {Single Page Applications},
  url = {https://msdn.microsoft.com/en-us/magazine/dn463786.aspx}
  ,
  note = "[Accesată la 12-05-2017]"
}
